% This file was created with Citavi 6.18.0.1

@article{g4g,
 abstract = {Insertion sort is a simple sorting algorithm that works by iteratively inserting each element of an unsorted list into its correct position in a sorted portion of the list. It is like sorting playing cards in your hands. You split the cards into two groups: the sorted cards and the},
 year = {07.03.2013},
 title = {Insertion Sort Algorithm},
 url = {https://www.geeksforgeeks.org/insertion-sort-algorithm/},
 urldate = {17.10.2024},
 journal = {GeeksforGeeks},
 file = {Insertion Sort Algorithm 07.03.2013:Attachments/Insertion Sort Algorithm 07.03.2013.pdf:application/pdf}
}


